@book{ryu2013rstat,
  author = {유충현 and 이상호},
  title = {R을 이용한 통계학 이해},
  year = {2013},
  publisher = {자유아카데미}
}

@misc{posit2023quarto,
  author = {posit},
  title = {Welcome to Quarto},
  howpublished = {\url{https://quarto.org/}},
  year = {2023},
  note = {Accessed: 2023-05-15}
}

@misc{posit2023extensions,
  author = {posit},
  title = {Creating Extensions},
  howpublished = {\url{https://quarto.org/docs/extensions/creating.html}},
  year = {2023},  
  note = {Accessed: 2023-05-15}
}

@misc{horst2022quartoarch,
  author = {Allison Horst},
  title = {ÇETINKAYA-RUNDEL \& LOWNDES QUARTO KEYNOTE},
  howpublished = {\url{https://allisonhorst.com/cetinkaya-rundel-lowndes-quarto-keynote}},
  year = {2022},  
  note = {Accessed: 2023-05-17}
}

@misc{minidonut2021float,
  author = {미니도넛},
  title = {이미지 특정 위치에 고정하기},
  year = {2021},    
  howpublished = {\url{https://forestunit.tistory.com/117}},
  note = {Accessed: 2023-05-20}
}

@misc{xie2022rmcook,
  author = {Yihui Xie, Christophe Dervieux, Emily Riederer},
  title = {R Markdown Cookbook},
  year = {2022},  
  howpublished = {\url{https://bookdown.org/yihui/rmarkdown-cookbook/custom-blocks.html}},
  note = {Accessed: 2023-05-29}
}

@misc{math2012layout,
  author = {Math 600},
  title = {Placing and Spacing},
  howpublished = {\url{http://cemc1.uwaterloo.ca/~math600/wp/wp-content/uploads/2012/09/layout.png}},
  year = {2012},    
  note = {Accessed: 2023-05-16}
}

@misc{jonas2015geometry,
  author = {Jonas Devlieghere},
  title = {Packages I Wish I Knew When Starting LaTeX},
  howpublished = {\url{https://jonasdevlieghere.com/content/images/2015/06/geometry.png}},
  year = {2015},   
  note = {Accessed: 2023-05-16}
}

@article{kim2007latex,
  author = {김강수},
  title = {한글 라텍에서 조사 이형태 교체의 자동화에 관하여},
  year = {2007},
  issue_date = {October 2007},
  publisher = {한글텍사용자그룹},
  address = {Korea},
  volume = {1},
  number = {2},
  url = {http://ajt.ktug.org/2007/0102karnes.pdf},
  journal = {The Asian Journal of TEX},
  pages = {153–166},
  numpages = {14}
}

@article{knuth1984knuth,
  author = {Knuth, Donald E.},
  title = {Literate Programming},
  year = {1984},
  issue_date = {May 1984},
  publisher = {Oxford University Press, Inc.},
  address = {USA},
  volume = {27},
  number = {2},
  issn = {0010-4620},
  url = {https://doi.org/10.1093/comjnl/27.2.97},
  doi = {10.1093/comjnl/27.2.97},
  journal = {Comput. J.},
  month = may,
  pages = {97–111},
  numpages = {15}
}

